@misc{Robertson2023MeasureErgodicTheory,
      title={MATH41021/61021 Measure and Ergodic Theory}, 
      author={Donald Robertson},
      year={2023},
      institution={University of Manchester},
      note={Online lecture notes},
      url = {https://personalpages.manchester.ac.uk/staff/donald.robertson/teaching/23-24/41021},
      urldate = {2024-01-22}
}

@misc{Gleason2010HaarMeasure,
    author = {Gleason, J.},
    title = {Existence and Uniqueness of Haar Measure},
    year = {2010}
}

@book{Bekka2000GroupActionDynamics,
    author = {Bekka, M. B. and Mayer, M.},
    publisher={Cambridge University Press},
    title = {Ergodic theory and topological dynamics of group actions on homogeneous spaces},
    year = {2000},
    doi = {10.1017/cbo9780511758898}
}

@article{Namioka1964FolnerConditions,
     ISSN = {00255521, 19031807},
     URL = {http://www.jstor.org/stable/24490117},
     author = {NAMIOKA, I.},
     journal = {Mathematica Scandinavica},
     number = {1},
     pages = {18--28},
     publisher = {Mathematica Scandinavica},
     title = {FØLNER'S CONDITIONS FOR AMENABLE SEMI-GROUPS},
     urldate = {2023-06-22},
     volume = {15},
     year = {1964}
}

@inproceedings{Pier1984AmenableLC,
    title={Amenable Locally Compact Groups},
    author={Jean-Paul Pier},
    publisher={John Wiley \& Sons, Incorporated},
    year={1984}
}

@inbook{bergelson_1996,
    place={Cambridge},
    series={London Mathematical Society Lecture Note Series},
    title={Ergodic Ramsey Theory - an Update},
    DOI={10.1017/CBO9780511662812.002},
    booktitle={Ergodic Theory and Zd Actions},
    publisher={Cambridge University Press},
    author={Bergelson, V.},
    editor={Pollicott, Mark and Schmidt, KlausEditors},
    year={1996},
    pages={1–62},
    collection={London Mathematical Society Lecture Note Series}
}

@online{ESpage,
    author={gel(22282)},
    year={2013},
    title={Essential Supremum},
    url={https://planetmath.org/EssentialSupremum},
    urldate={2023-06-21}
}

@misc{supervisormeeting,
    title={PhD Supervisor Meetings},
    author={Robertson, D.},
    year={2023}
}

@misc{etln,
    title={MATH41112 Ergodic Theory Lecture Notes},
    author={Walkden, C.},
    year={2018}
}

@misc{mfaln,
    title={MAGIC061 Functional Analysis Lecture Slides},
    author={Lindsay, M.},
    year={2022}
}

@misc{ISem28,
    title={ISem 28: Ergodic Structure Theory and Applications},
    author={Asgar Jamneshan and Henrik Kreidler},
    year={2025}
}

@misc{kra2022infinite,
      title={Infinite Sumsets in Sets with Positive Density}, 
      author={Bryna Kra and Joel Moreira and Florian K. Richter and Donald Robertson},
      year={2022},
      eprint={2206.01786},
      archivePrefix={arXiv},
      primaryClass={math.DS}
}

@misc{kra2022proof,
      title={A proof of Erd\H{o}s's $B+B+t$ conjecture}, 
      author={Bryna Kra and Joel Moreira and Florian K. Richter and Donald Robertson},
      year={2022},
      eprint={2206.12377},
      archivePrefix={arXiv},
      primaryClass={math.DS}
}

@article{Bergelson1985Recurrence,
    author = {Bergelson, Vitaly},
    title = {Sets of Recurrence of Zm-Actions and Properties of Sets of Differences in Zm},
    journal = {Journal of the London Mathematical Society},
    volume = {s2-31},
    number = {2},
    pages = {295-304},
    year = {1985},
    month = {04},
    issn = {0024-6107},
    doi = {10.1112/jlms/s2-31.2.295},
    url = {https://doi.org/10.1112/jlms/s2-31.2.295},
    eprint = {https://academic.oup.com/jlms/article-pdf/s2-31/2/295/2474147/s2-31-2-295.pdf},
}

@article{Moreira_2019,
   title={A proof of a sumset conjecture of Erdős},
   volume={189},
   ISSN={0003-486X},
   url={http://dx.doi.org/10.4007/annals.2019.189.2.4},
   DOI={10.4007/annals.2019.189.2.4},
   number={2},
   journal={Annals of Mathematics},
   publisher={Annals of Mathematics},
   author={Moreira, Joel and Richter, Florian and Robertson, Donald},
   year={2019},
   month=mar
}


@misc{kra2007uniformity,
      title={Uniformity seminorms on $\ell^\infty$ and applications}, 
      author={Bryna Kra and Bernard Host},
      year={2007},
      eprint={0711.3637},
      archivePrefix={arXiv},
      primaryClass={math.DS}
}

@misc{kra2023problems,
      title={Problems on infinite sumset configurations in the integers and beyond}, 
      author={Bryna Kra and Joel Moreira and Florian K. Richter and Donald Robertson},
      year={2023},
      eprint={2311.06197},
      archivePrefix={arXiv},
      primaryClass={math.CO}
}

@book{Furstenberg,
    URL = {http://www.jstor.org/stable/j.ctt7zv9zv},
    abstract = {Topological dynamics and ergodic theory usually have been treated independently. H. Furstenberg, instead, develops the common ground between them by applying the modern theory of dynamical systems to combinatorics and number theory. Originally published in 1981. The Princeton Legacy Library uses the latest print-on-demand technology to again make available previously out-of-print books from the distinguished backlist of Princeton University Press. These paperback editions preserve the original texts of these important books while presenting them in durable paperback editions. The goal of the Princeton Legacy Library is to vastly increase access to the rich scholarly heritage found in the thousands of books published by Princeton University Press since its founding in 1905.},
    author = {HARRY FURSTENBERG},
    publisher = {Princeton University Press},
    title = {Recurrence in Ergodic Theory and Combinatorial Number Theory},
    urldate = {2024-02-01},
    year = {1981}
}

@misc{host2019short,
      title={A short proof of a conjecture of Erd\"os proved by Moreira, Richter and Robertson}, 
      author={Bernard Host},
      year={2019},
      eprint={1904.09952},
      archivePrefix={arXiv},
      primaryClass={math.DS}
}

@article{Lindenstrauss2001PETAmenable,
    author = {Elon Lindenstrauss},
    title = {Pointwise theorems for amenable groups},
    journal = {Inventiones mathematicae},
    volume = {146},
    number = {2},
    pages = {259–295},
    year = {2001},
    month = {11},
    doi = {10.1007/s002220100162}
}

@article{Kra2018Nilpotent,
    author = {Bryna Kra and Bernard Host},
    title = {Nilpotent structures in ergodic theory},
    journal = {Mathematical Surveys And Monographs},
    year = {2018},
    doi = {10.1090/surv/236}
}